<record><leader>00000cas a22000007a 4500</leader><controlfield tag="001">10528408</controlfield><controlfield tag="008">840316d18671940pauwr ne      0   a0eng d</controlfield><datafield ind1=" " ind2=" " tag="010"><subfield code="a">sn 84026601 </subfield></datafield><datafield ind1=" " ind2=" " tag="040"><subfield code="a">NPU</subfield><subfield code="b">eng</subfield><subfield code="c">NPU</subfield><subfield code="d">NPH</subfield><subfield code="d">MGN</subfield><subfield code="d">OCLCQ</subfield><subfield code="d">DLC</subfield><subfield code="d">OCLCF</subfield><subfield code="d">DLC</subfield></datafield><datafield ind1="0" ind2=" " tag="022"><subfield code="a">2379-4968</subfield><subfield code="2">1</subfield></datafield><datafield ind1=" " ind2=" " tag="042"><subfield code="a">msc</subfield><subfield code="a">nsdp</subfield></datafield><datafield ind1=" " ind2=" " tag="043"><subfield code="a">n-us-pa</subfield></datafield><datafield ind1="0" ind2="0" tag="050"><subfield code="a">Newspaper</subfield></datafield><datafield ind1="0" ind2="0" tag="082"><subfield code="a">071</subfield><subfield code="2">23</subfield></datafield><datafield ind1="0" ind2=" " tag="130"><subfield code="a">Wyoming democrat (Tunkhannock, Pa. : 1867)</subfield></datafield><datafield ind1=" " ind2="0" tag="222"><subfield code="a">Wyoming democrat</subfield><subfield code="b">(Tunkhannock, Pa. 1867. Print)</subfield></datafield><datafield ind1="1" ind2="0" tag="245"><subfield code="a">Wyoming democrat.</subfield></datafield><datafield ind1=" " ind2=" " tag="260"><subfield code="a">Tunkhannock, Wyoming Co., Pa. :</subfield><subfield code="b">Harvey Sickler,</subfield><subfield code="c">1867-</subfield></datafield><datafield ind1=" " ind2=" " tag="300"><subfield code="a">v. ;</subfield><subfield code="c">66 cm.</subfield></datafield><datafield ind1=" " ind2=" " tag="310"><subfield code="a">Weekly</subfield></datafield><datafield ind1="0" ind2=" " tag="362"><subfield code="a">Vol. 7, no. 1 (Aug. 7, 1867)-</subfield></datafield><datafield ind1="1" ind2=" " tag="362"><subfield code="a">Ceased in 1940. Cf. Salisbury, R., Pa. newspapers, 1969.</subfield></datafield><datafield ind1=" " ind2=" " tag="500"><subfield code="a">Editor: Alvin Day, &lt;1874&gt;.</subfield></datafield><datafield ind1=" " ind2=" " tag="500"><subfield code="a">Publisher: Alvin Day, &lt;1873-1874&gt;.</subfield></datafield><datafield ind1=" " ind2=" " tag="530"><subfield code="a">Archived issues are available in digital format from the Library of Congress Chronicling America online collection.</subfield></datafield><datafield ind1=" " ind2="0" tag="651"><subfield code="a">Tunkhannock (Pa.)</subfield><subfield code="v">Newspapers.</subfield></datafield><datafield ind1=" " ind2="7" tag="651"><subfield code="a">Pennsylvania</subfield><subfield code="z">Tunkhannock.</subfield><subfield code="2">fast</subfield><subfield code="0">(OCoLC)fst01229004</subfield></datafield><datafield ind1=" " ind2="7" tag="655"><subfield code="a">Newspapers.</subfield><subfield code="2">fast</subfield><subfield code="0">(OCoLC)fst01423814</subfield></datafield><datafield ind1=" " ind2=" " tag="752"><subfield code="a">United States</subfield><subfield code="b">Pennsylvania</subfield><subfield code="c">Wyoming</subfield><subfield code="d">Tunkhannock.</subfield></datafield><datafield ind1="0" ind2="8" tag="776"><subfield code="i">Online version:</subfield><subfield code="t">Wyoming democrat (Tunkhannock, Pa. : 1867)</subfield><subfield code="x">2379-4976</subfield><subfield code="w">(DLC)  2015218780</subfield><subfield code="w">(OCoLC)909286200</subfield></datafield><datafield ind1="0" ind2="0" tag="780"><subfield code="t">North Branch Democrat (Tunkhannock, Pa.)</subfield><subfield code="x">2376-3507</subfield><subfield code="w">(DLC)sn 86081912</subfield><subfield code="w">(OCoLC)14472482</subfield></datafield><datafield ind1="0" ind2="0" tag="785"><subfield code="t">Wyoming Countian</subfield><subfield code="w">(DLC)sn 87080119</subfield><subfield code="w">(OCoLC)15465340</subfield></datafield><datafield ind1="4" ind2="1" tag="856"><subfield code="u">http://www.loc.gov/chroniclingamerica/lccn/sn84026601/issues</subfield></datafield></record>